<record><leader>00000cas a22000007a 4500</leader><controlfield tag="001">11933155</controlfield><controlfield tag="008">850417d18841886njuwr ne      0    0eng d</controlfield><datafield ind1=" " ind2=" " tag="010"><subfield code="a">sn 85035580 </subfield></datafield><datafield ind1=" " ind2=" " tag="040"><subfield code="a">NPA</subfield><subfield code="b">eng</subfield><subfield code="c">NPA</subfield><subfield code="d">NJW</subfield><subfield code="d">OCLCQ</subfield></datafield><datafield ind1=" " ind2=" " tag="042"><subfield code="a">msc</subfield></datafield><datafield ind1="0" ind2="0" tag="245"><subfield code="a">Englewood standard times.</subfield></datafield><datafield ind1=" " ind2=" " tag="260"><subfield code="a">Englewood, N.J. :</subfield><subfield code="b">Tillotson &amp; Lichtenberg,</subfield><subfield code="c">1884-1886.</subfield></datafield><datafield ind1=" " ind2=" " tag="300"><subfield code="a">v. :</subfield><subfield code="b">ill. (chiefly advertisements)</subfield></datafield><datafield ind1=" " ind2=" " tag="310"><subfield code="a">Weekly</subfield></datafield><datafield ind1="0" ind2=" " tag="362"><subfield code="a">Vol. 11, no. 19 (July 19, 1884)-v. 13, no. 42 (Dec. 25, 1886).</subfield></datafield><datafield ind1=" " ind2=" " tag="515"><subfield code="a">Continues the numbering of: Englewood times (Englewood, N.J. : 1874).</subfield></datafield><datafield ind1=" " ind2=" " tag="530"><subfield code="a">Also issued on microfilm by Microfilming Corp. of America.</subfield></datafield><datafield ind1=" " ind2=" " tag="752"><subfield code="a">United States</subfield><subfield code="b">New Jersey</subfield><subfield code="c">Bergen</subfield><subfield code="d">Englewood.</subfield></datafield><datafield ind1="0" ind2="4" tag="780"><subfield code="t">Englewood times (Englewood, N.J. : 1874)</subfield><subfield code="w">(DLC)sn 84038697</subfield><subfield code="w">(OCoLC)11451298</subfield></datafield><datafield ind1="0" ind2="4" tag="780"><subfield code="t">Englewood standard</subfield><subfield code="w">(DLC)sn 85035579</subfield><subfield code="w">(OCoLC)11933151</subfield></datafield><datafield ind1="0" ind2="0" tag="785"><subfield code="t">Englewood times (Englewood, N.J. : 1887)</subfield></datafield></record>